%% This BibTeX bibliography file was created using BibDesk.
%% http://bibdesk.sourceforge.net/


%% Created for Lauro Cesar Araujo at 2015-04-27 19:43:45 -0300 


%% Saved with string encoding Unicode (UTF-8) 

@misc{forbes-iot,
  Author = {Jacob Morgan},
  Date-Added = {2014-03-23},
  Howpublished = {Website},
  Keywords = {Internet of Things},
  Title = {A Simple Explanation Of 'The Internet Of Things'},
  Url = {https://www.forbes.com/sites/jacobmorgan/2014/05/13/simple-explanation-internet-things-that-anyone-can-understand/#6121c6301d09},
  Urlaccessdate = {10 mai 2018},
  Year = {2014}
}

@misc{oms-data,
  Author = {OMS},
  Date-Added = {2017-05-18},
  Howpublished = {Website},
  Title = {Doen√ßas cardiovasculares},
  Url = {https://www.paho.org/bra/index.php?option=com_content&view=article&id=5253:doencas-cardiovasculares&Itemid=839},
  Urlaccessdate = {10 mai 2018},
  Year = {2017},
  Bdsk-Url-1 = {https://www.paho.org/bra/index.php?option=com_content&view=article&id=5253:doencas-cardiovasculares&Itemid=839}
}

@book{pressman,
  Address = {New York, NY, EUA},
	Author = {Roger S. Pressman},
	Date-Modified = {2012-04-23 11:34:20 +0000},
	Publisher = {AMGH Editora Ltda.},
	Title = {Engenharia de software},
	Subtitle = {Uma abordagem profissional},
	Year = {2011}}

@book{dewey1980,
	Address = {New York, NY, USA},
	Author = {John Dewey},
	Date-Added = {2012-04-23 11:34:16 +0000},
	Date-Modified = {2012-04-23 11:34:16 +0000},
	Publisher = {Perigee Books},
	Title = {Art as Experience},
	Year = {1980}}
